[gd_scene load_steps=10 format=2]

[ext_resource path="res://Player.tscn" type="PackedScene" id=1]
[ext_resource path="res://Enemy.tscn" type="PackedScene" id=2]
[ext_resource path="res://HealthDisplay.tscn" type="PackedScene" id=3]
[ext_resource path="res://Level.gd" type="Script" id=4]
[ext_resource path="res://PointsDisplay.tscn" type="PackedScene" id=5]
[ext_resource path="res://GameOverDisplay.tscn" type="PackedScene" id=6]
[ext_resource path="res://Hamburger.tscn" type="PackedScene" id=7]
[ext_resource path="res://PauseDisplay.tscn" type="PackedScene" id=8]
[ext_resource path="res://Door2.tscn" type="PackedScene" id=9]

[node name="Level" type="Node2D"]
script = ExtResource( 4 )

[node name="Map" type="Node2D" parent="."]

[node name="EnemySpawnTimer" type="Timer" parent="."]
autostart = true

[node name="FoodSpawnTimer" type="Timer" parent="."]
wait_time = 6.0
autostart = true

[node name="Items" type="Node2D" parent="."]

[node name="Entities" type="Node2D" parent="."]

[node name="Enemy2" parent="Entities" instance=ExtResource( 2 )]
position = Vector2( 172.673, 453.083 )

[node name="Player" parent="Entities" instance=ExtResource( 1 )]
position = Vector2( 232.94, 274.762 )

[node name="Enemy" parent="Entities" instance=ExtResource( 2 )]
position = Vector2( 440.941, 343.082 )

[node name="Objects" type="Node2D" parent="."]

[node name="Hamburger" parent="Objects" instance=ExtResource( 7 )]
position = Vector2( 266.585, 424.842 )

[node name="UIDisplay" type="Node2D" parent="."]

[node name="HealthDisplay" parent="UIDisplay" instance=ExtResource( 3 )]
position = Vector2( 39.4439, 24.0905 )

[node name="PointsDisplay" parent="UIDisplay" instance=ExtResource( 5 )]
position = Vector2( 924.786, 21.4284 )

[node name="GameOverDisplay" parent="UIDisplay" instance=ExtResource( 6 )]
position = Vector2( 480.262, 282.582 )

[node name="PauseDisplay" parent="." instance=ExtResource( 8 )]
visible = false
position = Vector2( 510.304, 329.549 )

[node name="Camera2D" type="Camera2D" parent="."]

[node name="Door" parent="." instance=ExtResource( 9 )]
position = Vector2( 192.986, 175.799 )

[connection signal="timeout" from="EnemySpawnTimer" to="." method="_on_EnemySpawnTimer_timeout"]
[connection signal="timeout" from="FoodSpawnTimer" to="." method="_on_FoodSpawnTimer_timeout"]
